@ARTICLE{Ait,
     AUTHOR = "Chattopadhyay S and Davis RM and Menezes DD and Singh G and Acharya RU, Tamura T.",
     TITLE = "Application of Bayesian classifier for the diagnosis of dental pain.",
     JOURNAL = "J Med Syst.",
     PAGES = "17--31",
     YEAR = 2012 }